<record><leader>00000cas a2200000 a 4500</leader><controlfield tag="001">11460192</controlfield><controlfield tag="008">841206c19849999miuwr ne      0   a0eng c</controlfield><datafield ind1=" " ind2=" " tag="010"><subfield code="a">sn 84002069 </subfield></datafield><datafield ind1=" " ind2=" " tag="040"><subfield code="a">NSD</subfield><subfield code="b">eng</subfield><subfield code="c">NSD</subfield><subfield code="d">MHN</subfield><subfield code="d">OCL</subfield><subfield code="d">OCLCQ</subfield><subfield code="d">OCLCF</subfield><subfield code="d">OCLCO</subfield></datafield><datafield ind1=" " ind2=" " tag="012"><subfield code="m">1</subfield></datafield><datafield ind1="1" ind2=" " tag="022"><subfield code="a">8750-4561</subfield><subfield code="l">8750-4561</subfield><subfield code="2">1</subfield></datafield><datafield ind1="1" ind2=" " tag="029"><subfield code="a">AU@</subfield><subfield code="b">000020343882</subfield></datafield><datafield ind1=" " ind2=" " tag="032"><subfield code="a">304900</subfield><subfield code="b">USPS</subfield></datafield><datafield ind1=" " ind2=" " tag="037"><subfield code="b">County Press, 1521 Imlay City Rd., Lapeer, MI 48446</subfield></datafield><datafield ind1=" " ind2=" " tag="042"><subfield code="a">nsdp</subfield><subfield code="a">pcc</subfield></datafield><datafield ind1="0" ind2=" " tag="130"><subfield code="a">County press (Lapeer, Mich.)</subfield></datafield><datafield ind1=" " ind2="4" tag="222"><subfield code="a">The County press</subfield><subfield code="b">(Lapeer, Mich.)</subfield></datafield><datafield ind1="0" ind2="4" tag="245"><subfield code="a">The County Press.</subfield></datafield><datafield ind1=" " ind2=" " tag="260"><subfield code="a">Lapeer, MI :</subfield><subfield code="b">[s.n.</subfield></datafield><datafield ind1=" " ind2=" " tag="310"><subfield code="a">Weekly</subfield></datafield><datafield ind1="0" ind2=" " tag="362"><subfield code="a">145th yr., no. 43 (Oct. 24, 1984)-</subfield></datafield><datafield ind1=" " ind2="0" tag="651"><subfield code="a">Lapeer (Mich.)</subfield><subfield code="v">Newspapers.</subfield></datafield><datafield ind1=" " ind2="0" tag="651"><subfield code="a">Lapeer County (Mich.)</subfield><subfield code="v">Newspapers.</subfield></datafield><datafield ind1=" " ind2="7" tag="655"><subfield code="a">Newspapers.</subfield><subfield code="2">fast</subfield><subfield code="0">(OCoLC)fst01423814</subfield></datafield><datafield ind1=" " ind2="7" tag="651"><subfield code="a">Michigan</subfield><subfield code="z">Lapeer.</subfield><subfield code="2">fast</subfield><subfield code="0">(OCoLC)fst01231358</subfield></datafield><datafield ind1=" " ind2="7" tag="651"><subfield code="a">Michigan</subfield><subfield code="z">Lapeer County.</subfield><subfield code="2">fast</subfield><subfield code="0">(OCoLC)fst01204037</subfield></datafield><datafield ind1=" " ind2=" " tag="752"><subfield code="a">United States</subfield><subfield code="b">Michigan</subfield><subfield code="c">Lapeer</subfield><subfield code="d">Lapeer.</subfield></datafield><datafield ind1="0" ind2="0" tag="780"><subfield code="t">Lapeer County press (Lapeer, Mich. : 1946)</subfield><subfield code="w">(DLC)sn 88084190</subfield><subfield code="w">(OCoLC)18425189</subfield></datafield><datafield ind1=" " ind2=" " tag="936"><subfield code="a">Oct. 24, 1984</subfield></datafield></record>